<record><leader>00000cas a22000007a 4500</leader><controlfield tag="001">13545847</controlfield><controlfield tag="008">860508d18291835pauwr ne      0    0eng d</controlfield><controlfield tag="009">3768</controlfield><datafield ind1=" " ind2=" " tag="010"><subfield code="a">sn 86053375 </subfield></datafield><datafield ind1=" " ind2=" " tag="040"><subfield code="a">NPX</subfield><subfield code="b">eng</subfield><subfield code="c">NPX</subfield><subfield code="d">NPH</subfield><subfield code="d">DLC</subfield><subfield code="d">CNW</subfield><subfield code="d">CNK</subfield><subfield code="d">OCL</subfield><subfield code="d">KRTAS</subfield><subfield code="d">DLC</subfield><subfield code="d">OCLCF</subfield></datafield><datafield ind1="1" ind2=" " tag="029"><subfield code="a">AU@</subfield><subfield code="b">000020127648</subfield></datafield><datafield ind1=" " ind2=" " tag="042"><subfield code="a">msc</subfield></datafield><datafield ind1=" " ind2=" " tag="043"><subfield code="a">n-us-pa</subfield></datafield><datafield ind1="0" ind2="0" tag="050"><subfield code="a">Newspaper</subfield></datafield><datafield ind1="0" ind2=" " tag="130"><subfield code="a">Doylestown Democrat (Doylestown, Pa. : 1829)</subfield></datafield><datafield ind1="1" ind2="0" tag="245"><subfield code="a">Doylestown Democrat.</subfield></datafield><datafield ind1="0" ind2="7" tag="246"><subfield code="a">Democrat &amp; farmers' &amp; mechanics' gazette</subfield></datafield><datafield ind1="0" ind2="7" tag="246"><subfield code="a">Democrat &amp; farmers' &amp; mechanics' journal</subfield></datafield><datafield ind1="1" ind2="0" tag="246"><subfield code="a">Doylestown Democrat, and farmers and mechanick's journal</subfield></datafield><datafield ind1=" " ind2=" " tag="260"><subfield code="a">Doylestown, Pa. :</subfield><subfield code="b">M.H. Snyder,</subfield><subfield code="c">1829-1835.</subfield></datafield><datafield ind1=" " ind2=" " tag="300"><subfield code="a">v. :</subfield><subfield code="b">ill. ;</subfield><subfield code="c">51 cm.</subfield></datafield><datafield ind1=" " ind2=" " tag="310"><subfield code="a">Weekly</subfield></datafield><datafield ind1="0" ind2=" " tag="362"><subfield code="a">Vol. 1, no. 1 (July 7, 1829)-v. 1, no. 41 (Aug. 19, 1835).</subfield></datafield><datafield ind1=" " ind2=" " tag="500"><subfield code="a">Published as: Doylestown Democrat, and farmers and mechanick's journal, Aug. 31, 1830-Mar. 8, 1831.</subfield></datafield><datafield ind1=" " ind2="0" tag="651"><subfield code="a">Doylestown (Pa.)</subfield><subfield code="v">Newspapers.</subfield></datafield><datafield ind1=" " ind2="7" tag="655"><subfield code="a">Newspapers.</subfield><subfield code="2">fast</subfield><subfield code="0">(OCoLC)fst01423814</subfield></datafield><datafield ind1=" " ind2="7" tag="651"><subfield code="a">Pennsylvania</subfield><subfield code="z">Doylestown.</subfield><subfield code="2">fast</subfield><subfield code="0">(OCoLC)fst01213797</subfield></datafield><datafield ind1=" " ind2=" " tag="752"><subfield code="a">United States</subfield><subfield code="b">Pennsylvania</subfield><subfield code="c">Bucks</subfield><subfield code="d">Doylestown.</subfield></datafield><datafield ind1="0" ind2="0" tag="780"><subfield code="t">Democrat and farmers' gazette</subfield><subfield code="w">(DLC)sn 86053374</subfield></datafield><datafield ind1="0" ind2="0" tag="785"><subfield code="t">Doylestown Democrat, and farmers' and mechanics' gazette</subfield><subfield code="w">(DLC)sn 83032020</subfield></datafield><datafield ind1=" " ind2=" " tag="938"><subfield code="a">Kirtas Technologies, Inc.</subfield><subfield code="b">KRTS</subfield><subfield code="n">739616</subfield></datafield></record>